<record><leader>00000cas a2200000Ma 4500</leader><controlfield tag="001">207890733</controlfield><controlfield tag="008">830217d18291830mduir ne      0    0eng  </controlfield><datafield ind1=" " ind2=" " tag="010"><subfield code="a">sn 83009606 </subfield></datafield><datafield ind1=" " ind2=" " tag="040"><subfield code="a">DLC</subfield><subfield code="b">eng</subfield><subfield code="c">AQM</subfield><subfield code="d">OCLCQ</subfield></datafield><datafield ind1="0" ind2="0" tag="245"><subfield code="a">Commercial chronicle &amp; daily Marylander.</subfield></datafield><datafield ind1="3" ind2="0" tag="246"><subfield code="a">Commercial chronicle and daily Marylander</subfield></datafield><datafield ind1=" " ind2=" " tag="250"><subfield code="a">[Country ed.].</subfield></datafield><datafield ind1=" " ind2=" " tag="260"><subfield code="a">Baltimore, Md. :</subfield><subfield code="b">S.C. Leakin,</subfield><subfield code="c">1829-1830.</subfield></datafield><datafield ind1=" " ind2=" " tag="300"><subfield code="a">2 v. :</subfield><subfield code="b">ill. (chiefly advertisements) ;</subfield><subfield code="c">55 cm.</subfield></datafield><datafield ind1=" " ind2=" " tag="310"><subfield code="a">Triweekly</subfield></datafield><datafield ind1="0" ind2=" " tag="362"><subfield code="a">Jan. 14, 1829-Dec. 31, 1830.</subfield></datafield><datafield ind1=" " ind2=" " tag="500"><subfield code="a">Publishers: Leakin &amp; Sands, &lt;1829&gt;; Leakin, Sands &amp; Barnes, &lt;1830&gt;.</subfield></datafield><datafield ind1=" " ind2="7" tag="655"><subfield code="a">Newspapers.</subfield><subfield code="2">rbgenr</subfield></datafield><datafield ind1=" " ind2=" " tag="752"><subfield code="a">United States</subfield><subfield code="b">Maryland</subfield><subfield code="c">Baltimore</subfield><subfield code="d">Baltimore.</subfield></datafield><datafield ind1="0" ind2=" " tag="775"><subfield code="t">Commercial chronicle and daily Marylander.</subfield><subfield code="c">[Daily ed.]</subfield><subfield code="w">(DLC)sn 83009596</subfield></datafield><datafield ind1="0" ind2="0" tag="780"><subfield code="t">Commercial chronicle.</subfield><subfield code="c">[Triweekly ed.]</subfield><subfield code="w">(DLC)sn 83009607</subfield></datafield><datafield ind1="0" ind2="0" tag="785"><subfield code="t">Chronicle &amp; daily Marylander.</subfield><subfield code="c">[Triweekly ed.]</subfield><subfield code="w">(DLC)sn 83009603</subfield></datafield></record>